@inproceedings{feng2006exploring,
  title={Exploring the use of conditional random field models and {{HMMs}} for historical handwritten document recognition},
  author={Feng, Shaolei and Manmatha, R and McCallum, Andrew},
  booktitle={Document Image Analysis for Libraries, 2006. DIAL'06. Second International Conference on},
  pages={8--pp},
  year={2006},
  organization={IEEE}
}

@article{lafferty2001conditional,
  title={Conditional random fields: Probabilistic models for segmenting and labeling sequence data},
  author={Lafferty, John and McCallum, Andrew and Pereira, Fernando CN},
  year={2001}
}

@phdthesis{gadea2007aportaciones,
  title={Aportaciones al reconocimiento autom{\'a}tico de texto manuscrito},
  author={Gadea, Mois{\'e}s Pastor},
  year={2007},
  school={Universitat Polit{\`e}cnica de Val{\`e}ncia}
}

@inproceedings{lavrenko2004holistic,
  title={Holistic word recognition for handwritten historical documents},
  author={Lavrenko, Victor and Rath, Toni M and Manmatha, R},
  booktitle={Document Image Analysis for Libraries, 2004. Proceedings. First International Workshop on},
  pages={278--287},
  year={2004},
  organization={IEEE}
}

@article{fischer2012lexicon,
  title={Lexicon-free handwritten word spotting using character HMMs},
  author={Fischer, Andreas and Keller, Andreas and Frinken, Volkmar and Bunke, Horst},
  journal={Pattern Recognition Letters},
  volume={33},
  number={7},
  pages={934},
  year={2012}
}

@inproceedings{shetty2007handwritten,
  title={Handwritten word recognition using conditional random fields},
  author={Shetty, Shravya and Srinivasan, Harish and Srihari, Sargur},
  booktitle={Document Analysis and Recognition, 2007. ICDAR 2007. Ninth International Conference on},
  volume={2},
  pages={1098--1102},
  year={2007},
  organization={IEEE}
}
